@article{AndersonPM16,
  author    = {Blake Anderson and
               Subharthi Paul and
               David A. McGrew},
  title     = {Deciphering Malware's use of {TLS} (without Decryption)},
  journal   = {CoRR},
  volume    = {abs/1607.01639},
  year      = {2016},
  url       = {http://arxiv.org/abs/1607.01639},
  timestamp = {Wed, 07 Jun 2017 14:40:12 +0200},
  biburl    = {http://dblp.uni-trier.de/rec/bib/journals/corr/AndersonPM16},
  bibsource = {dblp computer science bibliography, http://dblp.org}
}

@inproceedings{DalviDMSV04,
  author    = {Nilesh N. Dalvi and
               Pedro M. Domingos and
               Mausam and
               Sumit K. Sanghai and
               Deepak Verma},
  title     = {Adversarial classification},
  booktitle = {Proceedings of the Tenth {ACM} {SIGKDD} International Conference on
               Knowledge Discovery and Data Mining, Seattle, Washington, USA, August
               22-25, 2004},
  pages     = {99--108},
  year      = {2004},
  crossref  = {SIGKDD2004},
  url       = {http://doi.acm.org/10.1145/1014052.1014066},
  doi       = {10.1145/1014052.1014066},
  timestamp = {Thu, 07 May 2015 20:04:43 +0200},
  biburl    = {http://dblp.org/rec/bib/conf/kdd/DalviDMSV04},
  bibsource = {dblp computer science bibliography, http://dblp.org}
}

@inproceedings{AndersonM16,
  author    = {Blake Anderson and
               David A. McGrew},
  title     = {Identifying Encrypted Malware Traffic with Contextual Flow Data},
  booktitle = {Proceedings of the 2016 {ACM} Workshop on Artificial Intelligence
               and Security, AISec@CCS 2016, Vienna, Austria, October 28, 2016},
  pages     = {35--46},
  year      = {2016},
  crossref  = {AISEC2016},
  url       = {http://doi.acm.org/10.1145/2996758.2996768},
  doi       = {10.1145/2996758.2996768},
  timestamp = {Wed, 23 Nov 2016 15:39:41 +0100},
  biburl    = {http://dblp.org/rec/bib/conf/ccs/AndersonM16},
  bibsource = {dblp computer science bibliography, http://dblp.org}
}

@inproceedings{AlrawiM16,
  author    = {Omar Alrawi and
               Aziz Mohaisen},
  title     = {Chains of Distrust: Towards Understanding Certificates Used for Signing
               Malicious Applications},
  booktitle = {Proceedings of the 25th International Conference on World Wide Web,
               {WWW} 2016, Montreal, Canada, April 11-15, 2016, Companion Volume},
  pages     = {451--456},
  year      = {2016},
  crossref  = {WWW2016},
  url       = {http://doi.acm.org/10.1145/2872518.2888610},
  doi       = {10.1145/2872518.2888610},
  timestamp = {Sun, 10 Apr 2016 12:13:12 +0200},
  biburl    = {http://dblp.org/rec/bib/conf/www/AlrawiM16},
  bibsource = {dblp computer science bibliography, http://dblp.org}
}

@inproceedings{SchiffS16,
  author    = {Liron Schiff and
               Stefan Schmid},
  title     = {{PRI:} Privacy Preserving Inspection of Encrypted Network Traffic},
  booktitle = {2016 {IEEE} Security and Privacy Workshops, {SP} Workshops 2016, San
               Jose, CA, USA, May 22-26, 2016},
  pages     = {296--303},
  year      = {2016},
  crossref  = {SP2016},
  url       = {https://doi.org/10.1109/SPW.2016.34},
  doi       = {10.1109/SPW.2016.34},
  timestamp = {Thu, 15 Jun 2017 21:41:04 +0200},
  biburl    = {http://dblp.org/rec/bib/conf/sp/SchiffS16},
  bibsource = {dblp computer science bibliography, http://dblp.org}
}

@inproceedings{AndersonM17,
  author    = {Blake Anderson and
               David A. McGrew},
  title     = {Machine Learning for Encrypted Malware Traffic Classification: Accounting
               for Noisy Labels and Non-Stationarity},
  booktitle = {Proceedings of the 23rd {ACM} {SIGKDD} International Conference on
               Knowledge Discovery and Data Mining, Halifax, NS, Canada, August 13
               - 17, 2017},
  pages     = {1723--1732},
  year      = {2017},
  crossref  = {SIGKDD2017},
  url       = {http://doi.acm.org/10.1145/3097983.3098163},
  doi       = {10.1145/3097983.3098163},
  timestamp = {Tue, 15 Aug 2017 16:11:01 +0200},
  biburl    = {http://dblp.org/rec/bib/conf/kdd/AndersonM17},
  bibsource = {dblp computer science bibliography, http://dblp.org}
}

@inproceedings{TegelerFVK12,
  author    = {Florian Tegeler and
               Xiaoming Fu and
               Giovanni Vigna and
               Christopher Kruegel},
  title     = {BotFinder: finding bots in network traffic without deep packet inspection},
  booktitle = {Conference on emerging Networking Experiments and Technologies, CoNEXT
               '12, Nice, France - December 10 - 13, 2012},
  pages     = {349--360},
  year      = {2012},
  crossref  = {CONEXT2012},
  url       = {http://doi.acm.org/10.1145/2413176.2413217},
  doi       = {10.1145/2413176.2413217},
  timestamp = {Fri, 02 Jun 2017 20:47:22 +0200},
  biburl    = {http://dblp.org/rec/bib/conf/conext/TegelerFVK12},
  bibsource = {dblp computer science bibliography, http://dblp.org}
}

@inproceedings{McGrewA16,
  author    = {David A. McGrew and
               Blake Anderson},
  title     = {Enhanced telemetry for encrypted threat analytics},
  booktitle = {24th {IEEE} International Conference on Network Protocols, {ICNP}
               2016, Singapore, November 8-11, 2016},
  pages     = {1--6},
  year      = {2016},
  crossref  = {ICNP2016},
  url       = {https://doi.org/10.1109/ICNP.2016.7785325},
  doi       = {10.1109/ICNP.2016.7785325},
  timestamp = {Fri, 26 May 2017 00:49:08 +0200},
  biburl    = {http://dblp.org/rec/bib/conf/icnp/McGrewA16},
  bibsource = {dblp computer science bibliography, http://dblp.org}
}

@proceedings{SIGKDD2004,
  editor    = {Won Kim and
               Ron Kohavi and
               Johannes Gehrke and
               William DuMouchel},
  title     = {Proceedings of the Tenth {ACM} {SIGKDD} International Conference on
               Knowledge Discovery and Data Mining, Seattle, Washington, USA, August
               22-25, 2004},
  publisher = {{ACM}},
  year      = {2004},
  isbn      = {1-58113-888-1},
  timestamp = {Fri, 27 Aug 2004 12:09:19 +0200},
  biburl    = {http://dblp.org/rec/bib/conf/kdd/2004},
  bibsource = {dblp computer science bibliography, http://dblp.org}
}

@article{GarciaGSZ14,
  author    = {S. Garc{\'{\i}}a and
               Martin Grill and
               Jan Stiborek and
               Alejandro Zunino},
  title     = {An empirical comparison of botnet detection methods},
  journal   = {Computers {\&} Security},
  volume    = {45},
  pages     = {100--123},
  year      = {2014},
  url       = {https://doi.org/10.1016/j.cose.2014.05.011},
  doi       = {10.1016/j.cose.2014.05.011},
  timestamp = {Mon, 05 Jun 2017 20:47:05 +0200},
  biburl    = {http://dblp.org/rec/bib/journals/compsec/GarciaGSZ14},
  bibsource = {dblp computer science bibliography, http://dblp.org}
}

@proceedings{AISEC2016,
  editor    = {David Mandell Freeman and
               Aikaterini Mitrokotsa and
               Arunesh Sinha},
  title     = {Proceedings of the 2016 {ACM} Workshop on Artificial Intelligence
               and Security, AISec@CCS 2016, Vienna, Austria, October 28, 2016},
  publisher = {{ACM}},
  year      = {2016},
  url       = {http://doi.acm.org/10.1145/2996758},
  doi       = {10.1145/2996758},
  isbn      = {978-1-4503-4573-6},
  timestamp = {Wed, 23 Nov 2016 15:38:15 +0100},
  biburl    = {http://dblp.org/rec/bib/conf/ccs/2016aisec},
  bibsource = {dblp computer science bibliography, http://dblp.org}
}

@proceedings{WWW2016,
  editor    = {Jacqueline Bourdeau and
               Jim Hendler and
               Roger Nkambou and
               Ian Horrocks and
               Ben Y. Zhao},
  title     = {Proceedings of the 25th International Conference on World Wide Web,
               {WWW} 2016, Montreal, Canada, April 11-15, 2016, Companion Volume},
  publisher = {{ACM}},
  year      = {2016},
  url       = {http://dl.acm.org/citation.cfm?id=2872518},
  isbn      = {978-1-4503-4144-8},
  timestamp = {Sun, 10 Apr 2016 11:23:04 +0200},
  biburl    = {http://dblp.org/rec/bib/conf/www/2016c},
  bibsource = {dblp computer science bibliography, http://dblp.org}
}

@proceedings{SP2016,
  title     = {2016 {IEEE} Security and Privacy Workshops, {SP} Workshops 2016, San
               Jose, CA, USA, May 22-26, 2016},
  publisher = {{IEEE} Computer Society},
  year      = {2016},
  url       = {http://ieeexplore.ieee.org/xpl/mostRecentIssue.jsp?punumber=7517741},
  isbn      = {978-1-5090-3690-5},
  timestamp = {Fri, 05 Aug 2016 13:18:01 +0200},
  biburl    = {http://dblp.org/rec/bib/conf/sp/2016w},
  bibsource = {dblp computer science bibliography, http://dblp.org}
}

@proceedings{SIGKDD2017,
  title     = {Proceedings of the 23rd {ACM} {SIGKDD} International Conference on
               Knowledge Discovery and Data Mining, Halifax, NS, Canada, August 13
               - 17, 2017},
  publisher = {{ACM}},
  year      = {2017},
  url       = {http://doi.acm.org/10.1145/3097983},
  doi       = {10.1145/3097983},
  isbn      = {978-1-4503-4887-4},
  timestamp = {Tue, 15 Aug 2017 16:10:36 +0200},
  biburl    = {http://dblp.org/rec/bib/conf/kdd/2017},
  bibsource = {dblp computer science bibliography, http://dblp.org}
}

@proceedings{CONEXT2012,
  editor    = {Chadi Barakat and
               Renata Teixeira and
               K. K. Ramakrishnan and
               Patrick Thiran},
  title     = {Conference on emerging Networking Experiments and Technologies, CoNEXT
               '12, Nice, France - December 10 - 13, 2012},
  publisher = {{ACM}},
  year      = {2012},
  url       = {http://dl.acm.org/citation.cfm?id=2413176},
  isbn      = {978-1-4503-1775-7},
  timestamp = {Thu, 13 Dec 2012 12:41:03 +0100},
  biburl    = {http://dblp.org/rec/bib/conf/conext/2012},
  bibsource = {dblp computer science bibliography, http://dblp.org}
}

@proceedings{ICNP2016,
  title     = {24th {IEEE} International Conference on Network Protocols, {ICNP}
               2016, Singapore, November 8-11, 2016},
  publisher = {{IEEE} Computer Society},
  year      = {2016},
  url       = {http://ieeexplore.ieee.org/xpl/mostRecentIssue.jsp?punumber=7774710},
  isbn      = {978-1-5090-3281-5},
  timestamp = {Tue, 20 Dec 2016 12:12:32 +0100},
  biburl    = {http://dblp.org/rec/bib/conf/icnp/2016},
  bibsource = {dblp computer science bibliography, http://dblp.org}
}

@article{ChenG16,
  author    = {Tianqi Chen and
               Carlos Guestrin},
  title     = {XGBoost: {A} Scalable Tree Boosting System},
  journal   = {CoRR},
  volume    = {abs/1603.02754},
  year      = {2016},
  url       = {http://arxiv.org/abs/1603.02754},
  archivePrefix = {arXiv},
  eprint    = {1603.02754},
  timestamp = {Wed, 07 Jun 2017 14:42:25 +0200},
  biburl    = {https://dblp.org/rec/bib/journals/corr/ChenG16},
  bibsource = {dblp computer science bibliography, https://dblp.org}
}

@online{Malwarebytes17,
author = {Malwarebytes},
title = {Analysis of malware trends for small and medium businesses, Q1-2017},
date = {March 2017},
url = {https://www.malwarebytes.com/pdf/white- papers/MalwareTrendsForSMBQ12017.pdf},
month = {March},
year = {2017},
}

@online{Google17,
	author = {Google},
	title = {HTTPS encryption on the web},
	url = {https://transparencyreport.google.com/https/},
	month = {March},
	year = {2017},
}

@online{Anderson16,
	author = {Blake Anderson},
	title = {Hiding in plain sight: Malware’s use of TLS and encryption},
	url = {https://blogs.cisco.com/security/malwares-use-of-tls- and-encryption},
	organization = {CISCO Blogs},
	year = {2016},
}

@online{Radware17,
	author = {Radware},
	title = {Global application and network security report 2016-17},
	url = {https://www.radware.com/PleaseRegister.aspx?returnUrl=644245912},
	year = {2017},
}

@online{Etienne,
	author = {Loic Etienne},
	title = {Malicious Traffic Detection in Local Networks with Snort},
	url = {https://infoscience.epfl.ch/record/141022/files/pdm.pdf},
	year = {2009},
}

@online{SnortCR,
	title = {Snort: Community Rules},
	year = {2016},
	url = {https://www.snort.org/downloads/community/ community-rules.tar.gz},
	subtitle = {Community Rules},
}

@online{IANA,
	author={Internet Assigned Numbers Authority (IANA)},
	title = {Service name and transport protocol port number registry},
	url = {http://www.iana.org/assignments/port-numbers},
}

@online{Snort,
	author = {Snort},
	title = {Snort - Network Intrusion Detection and Prevention System},
	url = {https://www.snort.org},
}

@online{Bro,
	title = {Bro Network Security Monitor},
	url = {https://www.bro.org},
}

@online{ML,
	title = {Machine Learning},
	url = {https://en.wikipedia.org/wiki/Machine_learning},
}

@online{XGBWiki,
	title = {XGBoost},
	url = {https://en.wikipedia.org/wiki/Xgboost},
}

@misc{Erquiaga15,
	author = {Maria Jose Erquiaga and
	Sebastian Garcia},
	title = {Malware Capture Facility Project},
	organization = {CVUT University},
	year = {2013}
}

@inproceedings{SenSW04,
	author    = {Subhabrata Sen and
	Oliver Spatscheck and
	Dongmei Wang},
	title     = {Accurate, scalable in-network identification of p2p traffic using
	application signatures},
	booktitle = {Proceedings of the 13th international conference on World Wide Web,
	{WWW} 2004, New York, NY, USA, May 17-20, 2004},
	pages     = {512--521},
	year      = {2004},
	crossref  = {DBLP:conf/www/2004},
	url       = {http://doi.acm.org/10.1145/988672.988742},
	doi       = {10.1145/988672.988742},
	timestamp = {Fri, 10 Feb 2006 15:54:16 +0100},
	biburl    = {http://dblp.org/rec/bib/conf/www/SenSW04},
	bibsource = {dblp computer science bibliography, http://dblp.org}
}

@proceedings{DBLP:conf/www/2004,
	editor    = {Stuart I. Feldman and
	Mike Uretsky and
	Marc Najork and
	Craig E. Wills},
	title     = {Proceedings of the 13th international conference on World Wide Web,
	{WWW} 2004, New York, NY, USA, May 17-20, 2004},
	publisher = {{ACM}},
	year      = {2004},
	isbn      = {1-58113-844-X},
	timestamp = {Fri, 10 Sep 2004 15:22:27 +0200},
	biburl    = {http://dblp.org/rec/bib/conf/www/2004},
	bibsource = {dblp computer science bibliography, http://dblp.org}
}

@article{WangQZ07,
	author    = {Xiaogang Wang and
	Weiliang Qiu and
	Ruben H. Zamar},
	title     = {{CLUES:} {A} non-parametric clustering method based on local shrinking},
	journal   = {Computational Statistics {\&} Data Analysis},
	volume    = {52},
	number    = {1},
	pages     = {286--298},
	year      = {2007},
	url       = {https://doi.org/10.1016/j.csda.2006.12.016},
	doi       = {10.1016/j.csda.2006.12.016},
	timestamp = {Mon, 05 Jun 2017 20:49:52 +0200},
	biburl    = {http://dblp.org/rec/bib/journals/csda/WangQZ07},
	bibsource = {dblp computer science bibliography, http://dblp.org}
}

@inproceedings{SommerP10,
	author    = {Robin Sommer and
	Vern Paxson},
	title     = {Outside the Closed World: On Using Machine Learning for Network Intrusion
	Detection},
	booktitle = {31st {IEEE} Symposium on Security and Privacy, S{\&}P 2010, 16-19
	May 2010, Berleley/Oakland, California, {USA}},
	pages     = {305--316},
	year      = {2010},
	crossref  = {DBLP:conf/sp/2010},
	url       = {https://doi.org/10.1109/SP.2010.25},
	doi       = {10.1109/SP.2010.25},
	timestamp = {Fri, 26 May 2017 00:50:06 +0200},
	biburl    = {http://dblp.org/rec/bib/conf/sp/SommerP10},
	bibsource = {dblp computer science bibliography, http://dblp.org}
}

@proceedings{DBLP:conf/sp/2010,
	title     = {31st {IEEE} Symposium on Security and Privacy, S{\&}P 2010, 16-19
	May 2010, Berleley/Oakland, California, {USA}},
	publisher = {{IEEE} Computer Society},
	year      = {2010},
	url       = {http://ieeexplore.ieee.org/xpl/mostRecentIssue.jsp?punumber=5504620},
	isbn      = {978-0-7695-4035-1},
	timestamp = {Thu, 08 Jan 2015 16:59:43 +0100},
	biburl    = {http://dblp.org/rec/bib/conf/sp/2010},
	bibsource = {dblp computer science bibliography, http://dblp.org}
}

@book{HastieTF09,
	author    = {Trevor Hastie and
	Robert Tibshirani and
	Jerome H. Friedman},
	title     = {The elements of statistical learning: data mining, inference, and
	prediction, 2nd Edition},
	series    = {Springer series in statistics},
	publisher = {Springer},
	year      = {2009},
	url       = {http://www.worldcat.org/oclc/300478243},
	isbn      = {9780387848570},
	timestamp = {Wed, 03 May 2017 18:39:06 +0200},
	biburl    = {http://dblp.org/rec/bib/books/lib/HastieTF09},
	bibsource = {dblp computer science bibliography, http://dblp.org}
}

@article{RFC1601,
	author    = {Alan O. Freier and
	Philip Karlton and
	Paul C. Kocher},
	title     = {The Secure Sockets Layer {(SSL)} Protocol Version 3.0},
	journal   = {{RFC}},
	volume    = {6101},
	pages     = {1--67},
	year      = {2011},
	url       = {https://doi.org/10.17487/RFC6101},
	doi       = {10.17487/RFC6101},
	timestamp = {Fri, 01 Dec 2017 10:58:24 +0100},
	biburl    = {https://dblp.org/rec/bib/journals/rfc/rfc6101},
	bibsource = {dblp computer science bibliography, https://dblp.org}
}

@misc{Frantisek2017,
	author = {Frantisek Strasak},
	title = {Detection of HTTPS Malware Traffic},
	type = {Thesis},
	institution = {Czech Technical University},
	date = {May 2017},
	pagetotal = {41},
	url = {https://dspace.cvut.cz/bitstream/handle/10467/68528/F3-BP-2017-Strasak-Frantisek-strasak_thesis_2017.pdf}
}

@inproceedings{Tin95,
  author    = {Tin Kam Ho},
  title     = {Random decision forests},
  booktitle = {Third International Conference on Document Analysis and Recognition,
               {ICDAR} 1995, August 14 - 15, 1995, Montreal, Canada. Volume {I}},
  pages     = {278--282},
  year      = {1995},
  crossref  = {DBLP:conf/icdar/1995-1},
  url       = {https://doi.org/10.1109/ICDAR.1995.598994},
  doi       = {10.1109/ICDAR.1995.598994},
  timestamp = {Wed, 24 May 2017 08:28:03 +0200},
  biburl    = {https://dblp.org/rec/bib/conf/icdar/Ho95},
  bibsource = {dblp computer science bibliography, https://dblp.org}
}

@proceedings{DBLP:conf/icdar/1995-1,
  title     = {Third International Conference on Document Analysis and Recognition,
               {ICDAR} 1995, August 14 - 15, 1995, Montreal, Canada. Volume {I}},
  publisher = {{IEEE} Computer Society},
  year      = {1995},
  url       = {http://ieeexplore.ieee.org/xpl/tocresult.jsp?isnumber=13183},
  isbn      = {0-8186-7128-9},
  timestamp = {Mon, 03 Nov 2014 16:48:02 +0100},
  biburl    = {https://dblp.org/rec/bib/conf/icdar/1995-1},
  bibsource = {dblp computer science bibliography, https://dblp.org}
}

@inproceedings{MooreP05,
  author    = {Andrew W. Moore and
               Konstantina Papagiannaki},
  title     = {Toward the Accurate Identification of Network Applications},
  booktitle = {Passive and Active Network Measurement, 6th International Workshop,
               {PAM} 2005, Boston, MA, USA, March 31 - April 1, 2005, Proceedings},
  pages     = {41--54},
  year      = {2005},
  crossref  = {DBLP:conf/pam/2005},
  url       = {https://doi.org/10.1007/978-3-540-31966-5_4},
  doi       = {10.1007/978-3-540-31966-5_4},
  timestamp = {Tue, 30 May 2017 16:36:53 +0200},
  biburl    = {https://dblp.org/rec/bib/conf/pam/MooreP05},
  bibsource = {dblp computer science bibliography, https://dblp.org}
}

@proceedings{DBLP:conf/pam/2005,
  editor    = {Constantinos Dovrolis},
  title     = {Passive and Active Network Measurement, 6th International Workshop,
               {PAM} 2005, Boston, MA, USA, March 31 - April 1, 2005, Proceedings},
  series    = {Lecture Notes in Computer Science},
  volume    = {3431},
  publisher = {Springer},
  year      = {2005},
  url       = {https://doi.org/10.1007/b135479},
  doi       = {10.1007/b135479},
  isbn      = {3-540-25520-6},
  timestamp = {Tue, 30 May 2017 16:36:53 +0200},
  biburl    = {https://dblp.org/rec/bib/conf/pam/2005},
  bibsource = {dblp computer science bibliography, https://dblp.org}
}

@inproceedings{YoonPPOK09,
  author    = {Sung{-}Ho Yoon and
               Jin{-}Wan Park and
               Jun{-}Sang Park and
               Young{-}Seok Oh and
               Myung{-}Sup Kim},
  title     = {Internet Application Traffic Classification Using Fixed IP-Port},
  booktitle = {Management Enabling the Future Internet for Changing Business and
               New Computing Services, 12th Asia-Pacific Network Operations and Management
               Symposium, {APNOMS} 2009, Jeju, South Korea, September 23-25, 2009,
               Proceedings},
  pages     = {21--30},
  year      = {2009},
  crossref  = {DBLP:conf/apnoms/2009},
  url       = {https://doi.org/10.1007/978-3-642-04492-2_3},
  doi       = {10.1007/978-3-642-04492-2_3},
  timestamp = {Tue, 23 May 2017 01:10:46 +0200},
  biburl    = {https://dblp.org/rec/bib/conf/apnoms/YoonPPOK09},
  bibsource = {dblp computer science bibliography, https://dblp.org}
}

@proceedings{DBLP:conf/apnoms/2009,
  editor    = {Choong Seon Hong and
               Toshio Tonouchi and
               Yan Ma and
               Chi{-}Shih Chao},
  title     = {Management Enabling the Future Internet for Changing Business and
               New Computing Services, 12th Asia-Pacific Network Operations and Management
               Symposium, {APNOMS} 2009, Jeju, South Korea, September 23-25, 2009,
               Proceedings},
  series    = {Lecture Notes in Computer Science},
  volume    = {5787},
  publisher = {Springer},
  year      = {2009},
  url       = {https://doi.org/10.1007/978-3-642-04492-2},
  doi       = {10.1007/978-3-642-04492-2},
  isbn      = {978-3-642-04491-5},
  timestamp = {Tue, 23 May 2017 01:10:46 +0200},
  biburl    = {https://dblp.org/rec/bib/conf/apnoms/2009},
  bibsource = {dblp computer science bibliography, https://dblp.org}
}

@inproceedings{DregerF06,
  author    = {Holger Dreger and
               Anja Feldmann},
  title     = {Dynamic Application-Layer Protocol Analysis for Network Intrusion
               Detection},
  booktitle = {Proceedings of the 15th {USENIX} Security Symposium, Vancouver, BC,
               Canada, July 31 - August 4, 2006},
  year      = {2006},
  crossref  = {DBLP:conf/uss/2006},
  url       = {https://www.usenix.org/conference/15th-usenix-security-symposium/dynamic-application-layer-protocol-analysis-network},
  timestamp = {Fri, 19 Aug 2016 15:38:03 +0200},
  biburl    = {https://dblp.org/rec/bib/conf/uss/DregerF06},
  bibsource = {dblp computer science bibliography, https://dblp.org}
}

@proceedings{DBLP:conf/uss/2006,
  editor    = {Angelos D. Keromytis},
  title     = {Proceedings of the 15th {USENIX} Security Symposium, Vancouver, BC,
               Canada, July 31 - August 4, 2006},
  publisher = {{USENIX} Association},
  year      = {2006},
  url       = {https://www.usenix.org/publications/proceedings/?f[0]=im_group_audience%3A140},
  timestamp = {Fri, 19 Aug 2016 15:38:03 +0200},
  biburl    = {https://dblp.org/rec/bib/conf/uss/2006},
  bibsource = {dblp computer science bibliography, https://dblp.org}
}

@inproceedings{BasetS06,
  author    = {Salman Baset and
               Henning Schulzrinne},
  title     = {An Analysis of the Skype Peer-to-Peer Internet Telephony Protocol},
  booktitle = {{INFOCOM} 2006. 25th {IEEE} International Conference on Computer Communications,
               Joint Conference of the {IEEE} Computer and Communications Societies,
               23-29 April 2006, Barcelona, Catalunya, Spain},
  year      = {2006},
  crossref  = {DBLP:conf/infocom/2006},
  url       = {https://doi.org/10.1109/INFOCOM.2006.312},
  doi       = {10.1109/INFOCOM.2006.312},
  timestamp = {Tue, 16 May 2017 16:26:30 +0200},
  biburl    = {https://dblp.org/rec/bib/conf/infocom/BasetS06},
  bibsource = {dblp computer science bibliography, https://dblp.org}
}

@proceedings{DBLP:conf/infocom/2006,
  title     = {{INFOCOM} 2006. 25th {IEEE} International Conference on Computer Communications,
               Joint Conference of the {IEEE} Computer and Communications Societies,
               23-29 April 2006, Barcelona, Catalunya, Spain},
  publisher = {{IEEE}},
  year      = {2006},
  url       = {http://ieeexplore.ieee.org/xpl/mostRecentIssue.jsp?punumber=4146652},
  isbn      = {1-4244-0221-2},
  timestamp = {Mon, 26 Jan 2015 16:54:50 +0100},
  biburl    = {https://dblp.org/rec/bib/conf/infocom/2006},
  bibsource = {dblp computer science bibliography, https://dblp.org}
}

@inproceedings{MadhukarW06,
  author    = {Alok Madhukar and
               Carey L. Williamson},
  title     = {A Longitudinal Study of {P2P} Traffic Classification},
  booktitle = {14th International Symposium on Modeling, Analysis, and Simulation
               of Computer and Telecommunication Systems {(MASCOTS} 2006), 11-14
               September 2006, Monterey, California, {USA}},
  pages     = {179--188},
  year      = {2006},
  crossref  = {DBLP:conf/mascots/2006},
  url       = {https://doi.org/10.1109/MASCOTS.2006.6},
  doi       = {10.1109/MASCOTS.2006.6},
  timestamp = {Fri, 26 May 2017 00:49:31 +0200},
  biburl    = {https://dblp.org/rec/bib/conf/mascots/MadhukarW06},
  bibsource = {dblp computer science bibliography, https://dblp.org}
}

@proceedings{DBLP:conf/mascots/2006,
  title     = {14th International Symposium on Modeling, Analysis, and Simulation
               of Computer and Telecommunication Systems {(MASCOTS} 2006), 11-14
               September 2006, Monterey, California, {USA}},
  publisher = {{IEEE} Computer Society},
  year      = {2006},
  url       = {http://ieeexplore.ieee.org/xpl/mostRecentIssue.jsp?punumber=11154},
  isbn      = {0-7695-2573-3},
  timestamp = {Thu, 16 Oct 2014 17:35:18 +0200},
  biburl    = {https://dblp.org/rec/bib/conf/mascots/2006},
  bibsource = {dblp computer science bibliography, https://dblp.org}
}

@inproceedings{PrasseMPHS17,
  author    = {Paul Prasse and
               Luk{\'{a}}s Machlica and
               Tom{\'{a}}s Pevn{\'{y}} and
               Jir{\'{\i}} Havelka and
               Tobias Scheffer},
  title     = {Malware Detection by Analysing Encrypted Network Traffic with Neural
               Networks},
  booktitle = {Machine Learning and Knowledge Discovery in Databases - European Conference,
               {ECML} {PKDD} 2017, Skopje, Macedonia, September 18-22, 2017, Proceedings,
               Part {II}},
  pages     = {73--88},
  year      = {2017},
  crossref  = {DBLP:conf/pkdd/2017-2},
  url       = {https://doi.org/10.1007/978-3-319-71246-8_5},
  doi       = {10.1007/978-3-319-71246-8_5},
  timestamp = {Tue, 02 Jan 2018 12:20:20 +0100},
  biburl    = {https://dblp.org/rec/bib/conf/pkdd/PrasseMPHS17},
  bibsource = {dblp computer science bibliography, https://dblp.org}
}

@proceedings{DBLP:conf/pkdd/2017-2,
  editor    = {Michelangelo Ceci and
               Jaakko Hollm{\'{e}}n and
               Ljupco Todorovski and
               Celine Vens and
               Saso Dzeroski},
  title     = {Machine Learning and Knowledge Discovery in Databases - European Conference,
               {ECML} {PKDD} 2017, Skopje, Macedonia, September 18-22, 2017, Proceedings,
               Part {II}},
  series    = {Lecture Notes in Computer Science},
  volume    = {10535},
  publisher = {Springer},
  year      = {2017},
  url       = {https://doi.org/10.1007/978-3-319-71246-8},
  doi       = {10.1007/978-3-319-71246-8},
  isbn      = {978-3-319-71245-1},
  timestamp = {Tue, 02 Jan 2018 12:14:02 +0100},
  biburl    = {https://dblp.org/rec/bib/conf/pkdd/2017-2},
  bibsource = {dblp computer science bibliography, https://dblp.org}
}

@techreport{Hu16a,
  author = {Hu, Z. and Zhu, L. and Heidemann, J. and Mankin, A. and Wessels, D. and Hoffman, P.},
  title = {Specification for {DNS} over {Transport} {Layer} {Security} ({TLS}) },
  institution = {Internet Request For Comments},
  year = {2016},
  sortdate = {2016-05-17},
  project = {ant, lacrend, lander, retrofuture, tdns},
  jsubject = {network_observation},
  type = {RFC},
  number = {7858},
  month = may,
  location = {johnh: pafiles},
  keywords = {dns-over-tls, connection-oriented dns,
                    rfc-7858, dns privacy},
  url = {http://www.isi.edu/%7ejohnh/PAPERS/Hu16a.html},
  pdfurl = {http://www.isi.edu/%7ejohnh/PAPERS/Hu16a.pdf},
  otherurl = {http://www.rfc-editor.org/rfc/rfc7858.txt},
  doi = {http://dx.doi.org/10.17487/RFC7858}
}

@inproceedings{LokocKCSP16,
  author    = {Jakub Lokoc and
               Jan Kohout and
               Premysl Cech and
               Tom{\'{a}}s Skopal and
               Tom{\'{a}}s Pevn{\'{y}}},
  title     = {k-NN Classification of Malware in {HTTPS} Traffic Using the Metric
               Space Approach},
  booktitle = {Intelligence and Security Informatics - 11th Pacific Asia Workshop,
               {PAISI} 2016, Auckland, New Zealand, April 19, 2016, Proceedings},
  pages     = {131--145},
  year      = {2016},
  crossref  = {DBLP:conf/paisi/2016},
  url       = {https://doi.org/10.1007/978-3-319-31863-9_10},
  doi       = {10.1007/978-3-319-31863-9_10},
  timestamp = {Mon, 06 Nov 2017 12:14:37 +0100},
  biburl    = {https://dblp.org/rec/bib/conf/paisi/LokocKCSP16},
  bibsource = {dblp computer science bibliography, https://dblp.org}
}

@proceedings{DBLP:conf/paisi/2016,
  editor    = {Michael Chau and
               G. Alan Wang and
               Hsinchun Chen},
  title     = {Intelligence and Security Informatics - 11th Pacific Asia Workshop,
               {PAISI} 2016, Auckland, New Zealand, April 19, 2016, Proceedings},
  series    = {Lecture Notes in Computer Science},
  volume    = {9650},
  publisher = {Springer},
  year      = {2016},
  url       = {https://doi.org/10.1007/978-3-319-31863-9},
  doi       = {10.1007/978-3-319-31863-9},
  isbn      = {978-3-319-31862-2},
  timestamp = {Sun, 21 May 2017 00:19:00 +0200},
  biburl    = {https://dblp.org/rec/bib/conf/paisi/2016},
  bibsource = {dblp computer science bibliography, https://dblp.org}
}
